<?xml version="1.0" encoding="UTF-8"?><collection xmlns="http://www.loc.gov/MARC21/slim"><record><leader>00524nam--2200193-i-4500</leader><controlfield tag="001">000024598</controlfield><controlfield tag="002">20161230</controlfield><controlfield tag="005">20161230201035</controlfield><controlfield tag="008">060222s1000------------r-----000-0-rum-d</controlfield><datafield ind1=" " ind2=" " tag="040"><subfield code="a">IFIN-HH</subfield></datafield><datafield ind1=" " ind2=" " tag="041"><subfield code="a">rum</subfield></datafield><datafield ind1=" " ind2=" " tag="080"><subfield code="a">519.852</subfield></datafield><datafield ind1="1" ind2=" " tag="100"><subfield code="a">Ionescu, H</subfield></datafield><datafield ind1="1" ind2="0" tag="245"><subfield code="a">Programarea liniara</subfield><subfield code="b">Cu o prefata de acad. prof. gh. mihoc</subfield><subfield code="c">H. ionescu, p. mirescu, i. nadejde</subfield></datafield><datafield ind1=" " ind2=" " tag="260"><subfield code="a">Bucuresti</subfield><subfield code="b">Editura Stiintifica</subfield><subfield code="c">1964</subfield></datafield><datafield ind1=" " ind2=" " tag="300"><subfield code="a">479P</subfield></datafield><datafield ind1="1" ind2=" " tag="700"><subfield code="a">Nadejde, I</subfield></datafield><datafield ind1=" " ind2=" " tag="852"><subfield code="a">9462</subfield><subfield code="c">519.283</subfield></datafield><datafield ind1=" " ind2=" " tag="CAT"><subfield code="a">Sys</subfield><subfield code="c">20130806</subfield><subfield code="h">103840</subfield></datafield></record></collection>